@misc{departmentofenvironmentfoodandruralaffairs_2019_abstraction,
  author = {{Department of Environment, Food, and Rural Affairs}},
  pages = {16},
  title = {Abstraction Reform Report Progress Made in Reforming the Arrangements for Managing Water Abstraction in England},
  url = {https://assets.publishing.service.gov.uk/media/5f50bc18d3bf7f60ff316dcb/abstraction-reform-report.pdf},
  urldate = {2024-10-30},
  year = {2019}
}

@misc{environmentagency_2022_check,
  author = {Environment Agency and UK GOV},
  month = {03},
  title = {Check if you need a licence to abstract water},
  url = {https://www.gov.uk/guidance/check-if-you-need-a-licence-to-abstract-water},
  urldate = {2024-10-28},
  year = {2022},
  organization = {GOV.UK}
}

@misc{ahdb_2024_water,
  author = {AHDB},
  title = {Water regulations for farmers | AHDB},
  url = {https://ahdb.org.uk/knowledge-library/water-regulations-for-farmers},
  year = {2024},
  organization = {ahdb.org.uk}
}

@misc{ukgov_2014_reservoirs,
  author = {UK GOV},
  month = {06},
  title = {Reservoirs: owner and operator requirements},
  url = {https://www.gov.uk/guidance/reservoirs-owner-and-operator-requirements},
  urldate = {2024-10-28},
  year = {2014},
  organization = {GOV.UK}
}

@misc{btlliners_2023_what,
  author = {BTL Liners},
  title = {What are the potential risks associated with reservoirs?},
  url = {https://www.btlliners.com/what-are-the-potential-risks-associated-with-reservoirs},
  urldate = {2024-10-28},
  year = {2023},
  organization = {www.btlliners.com}
}

@misc{panwar_2020_top,
  author = {Panwar, Gopal Singh},
  month = {10},
  title = {Top 8 Image-Processing Python Libraries Used in Machine Learning},
  url = {https://neptune.ai/blog/image-processing-python-libraries-for-machine-learning},
  urldate = {2024-10-02},
  year = {2020},
  organization = {neptune.ai}
}

@misc{googleearthengine_2019_google,
  author = {Google Earth Engine},
  title = {Google Earth Engine},
  url = {https://earthengine.google.com/},
  urldate = {2024-10-10},
  year = {2019},
  organization = {Google.com}
}

@misc{ukgov_2017_water,
  author = {UK GOV},
  month = {01},
  title = {Water Usage on farms: Results from the Farm Business Survey, England},
  url = {https://www.gov.uk/government/statistics/water-usage-on-farms-results-from-the-farm-business-survey-england},
  urldate = {2024-10-31},
  year = {2017},
  organization = {GOV.UK}
}

@book{zhang_2010_new,
  author = {Zhang, Yagang},
  publisher = {IntechOpen},
  title = {New advances in machine learning},
  doi = {10.5772/225},
  url = {https://doi.org/10.5772/225},
  year = {2010}
}

@article{biau_2012_analysis,
  author = {Biau, Gérard},
  editor = {Yu, Bin},
  month = {04},
  pages = {1063-1095},
  title = {Analysis of a Random Forests Model},
  url = {https://www.jmlr.org/papers/volume13/biau12a/biau12a.pdf},
  urldate = {2024-11-01},
  volume = {13},
  year = {2012},
  journal = {Journal of Machine Learning Research}
}

@article{quintana_2024_analysis,
  author = {Quintana, Orlando and Cristobal, Alberto and León, Cesar and Toledo, Osmar Cuentas},
  number = {1},
  title = {Analysis and selection of multiple machine learning methodologies in PyCaret for monthly electricity consumption demand forecasting},
  doi = {10.3390/materproc2024018005},
  url = {https://www.mdpi.com/2673-4605/18/1/5},
  urldate = {2024-11-01},
  volume = {18},
  year = {2024},
  journal = {Materials Proceedings}
}

@article{ghansah_2022_monitoring,
  author = {Ghansah, Benjamin and Foster, Timothy and Higginbottom, Thomas P and Adhikari, Roshan and Zwart, Sander J},
  pages = {103082},
  title = {Monitoring spatialtemporal variations of surface areas of small reservoirs in Ghana's Upper East Region using Sentinel2 satellite imagery and machine learning},
  doi = {https://doi.org/10.1016/j.pce.2021.103082},
  url = {https://www.sciencedirect.com/science/article/pii/S147470652100125X},
  urldate = {2024-11-01},
  volume = {125},
  year = {2022},
  journal = {Physics and Chemistry of the Earth, Parts A/B/C}
}

@misc{pressoffice_2025_a,
  author = {Press Office},
  title = {A record-breaking March for sunshine},
  url = {https://www.metoffice.gov.uk/about-us/news-and-media/media-centre/weather-and-climate-news/2025/a-record-breaking-march-for-sunshine},
  year = {2025},
  organization = {Met Office}
}

 @misc{defra_2024, title={Agricultural facts: Summary}, url={https://www.gov.uk/government/statistics/agricultural-facts-england-regional-profiles/agricultural-facts-summary}, journal={GOV.UK}, author={DEFRA}, year={2024}, month={8} }

 @misc{ibm_2021, title={What Is Machine learning?}, url={https://www.ibm.com/think/topics/machine-learning}, journal={Ibm.com}, publisher={IBM}, author={IBM}, year={2021}, month={9} }

 @misc{chollet_2020, title={The Sequential model}, url={https://keras.io/guides/sequential_model/}, journal={keras.io}, author={Chollet, François}, year={2020}, month={4} }

 @misc{imageclassification_2024, title={Image classification}, url={https://www.tensorflow.org/tutorials/images/classification#configure_the_dataset_for_performance}, journal={TensorFlow}, author={Image classification}, year={2024} }

 @misc{europeanspaceagency_2024, title={Sentinel-2}, url={https://www.esa.int/Applications/Observing_the_Earth/Copernicus/Sentinel-2}, journal={www.esa.int}, author={European Space Agency}, year={2024} }

 @misc{maxar_2021, title={Optical Imagery}, url={https://www.maxar.com/maxar-intelligence/products/optical-imagery}, journal={Maxar.com}, author={MAXAR}, year={2021} }

 @misc{numpy_2024, title={NumPy}, url={https://numpy.org/}, journal={Numpy.org}, author={Numpy}, year={2024} }

 @misc{matplotlib_2024, title={Matplotlib: Python plotting — Matplotlib 3.1.1 documentation}, url={https://matplotlib.org/}, journal={Matplotlib.org}, author={Matplotlib}, year={2024}, month={May} }

 @misc{tensorflow_2019, title={TensorFlow}, url={https://www.tensorflow.org/}, journal={TensorFlow}, publisher={Google}, author={TensorFlow}, year={2019} }

 @misc{geoimage_2023, title={The advantages of satellite imagery compared to other alternatives | Geoimage}, url={https://geoimage.com.au/blog/advantages-satellite-imagery-compared-other-alternatives}, journal={geoimage.com.au}, author={geoimage}, year={2023}, month={Oct} }

 @misc{satimagingcorp_2022, title={WorldView Legion (30cm) | Satellite Imaging Corp}, url={https://www.satimagingcorp.com/satellite-sensors/worldview-legion-satellite-constellation/}, journal={Satimagingcorp.com}, author={SatImagingCorp}, year={2022} }

 @misc{esa_2023, title={S2 Mission}, url={https://sentiwiki.copernicus.eu/web/s2-mission}, journal={sentiwiki.copernicus.eu}, author={ESA}, year={2023} }

 @article{kirby_ferguson_rennie_cousineau_nistor_2024, title={Identification of the best method for detecting surface water in Sentinel2 multispectral satellite imagery}, volume={36}, ISBN={23529385}, url={https://www.sciencedirect.com/science/article/pii/S2352938524002313}, DOI={https://doi.org/10.1016/j.rsase.2024.101367}, journal={Remote Sensing Applications: Society and Environment}, author={Kirby, Katelyn and Ferguson, Sean and Rennie, Colin D and Cousineau, Julien and Nistor, Ioan}, year={2024}, pages={101367} }

 @misc{klein_2024, title={The Science of Vision Perception: Pixels to Pictures Explained}, url={https://www.uoosd.com/digital-vision-perception}, journal={Uoosd.com}, author={Klein, Gary}, year={2024}, month={8} }

 @article{mcfeeters_k_1996, title={The use of the Normalized Difference Water Index (NDWI) in the delineation of open water features}, volume={17}, ISBN={01431161}, url={https://doi.org/10.1080/01431169608948714}, DOI={https://doi.org/10.1080/01431169608948714}, number={7}, journal={International Journal of Remote Sensing}, publisher={Taylor & Francis}, author={McFEETERS ,S. K}, year={1996}, pages={1425–1432} }

 @article{xu_hanqiu_2006, title={Modification of normalised difference water index (NDWI) to enhance open water features in remotely sensed imagery}, volume={27}, ISBN={01431161}, url={https://doi.org/10.1080/01431160600589179}, DOI={https://doi.org/10.1080/01431160600589179}, number={14}, journal={International Journal of Remote Sensing}, publisher={Taylor & Francis}, author={Xu ,Hanqiu}, year={2006}, pages={3025–3033} }

 @article{feyisa_gudina_meilby_fensholt_proud_2014b, title={Automated Water Extraction Index: A new technique for surface water mapping using Landsat imagery}, volume={140}, ISBN={00344257}, url={https://www.sciencedirect.com/science/article/pii/S0034425713002873}, DOI={https://doi.org/10.1016/j.rse.2013.08.029}, journal={Remote Sensing of Environment}, author={Feyisa, Gudina L and Meilby, Henrik and Fensholt, Rasmus and Proud, Simon R}, year={2014}, pages={23–35} }

 @misc{sentinelhub_2025, title={Sentinel Hub}, url={https://docs.sentinel-hub.com/api/latest/}, journal={Sentinel-hub.com}, author={SentinelHub}, year={2025} }

 @misc{sinergise_2025, title={Sentinel-2 Bands}, url={https://custom-scripts.sentinel-hub.com/custom-scripts/sentinel-2/bands/}, journal={Sentinel-Hub custom scripts}, author={Sinergise, Sentinel-Hub by}, year={2025} }

 @article{wright_duncan_nik_thompson_george_2024, title={CloudS2Mask: A novel deep learning approach for improved cloud and cloud shadow masking in Sentinel2 imagery}, volume={306}, ISBN={00344257}, url={https://www.sciencedirect.com/science/article/pii/S0034425724001330}, DOI={https://doi.org/10.1016/j.rse.2024.114122}, journal={Remote Sensing of Environment}, author={Wright, Nicholas and Duncan, John M.A and Nik, Callow J and Thompson, Sally E and George, Richard J}, year={2024}, pages={114122} }

 @article{wright_duncan_nik_thompson_george_2025, title={Training sensoragnostic deep learning models for remote sensing: Achieving stateoftheart cloud and cloud shadow identification with OmniCloudMask}, volume={322}, ISBN={00344257}, url={https://www.sciencedirect.com/science/article/pii/S0034425725000987}, DOI={https://doi.org/10.1016/j.rse.2025.114694}, journal={Remote Sensing of Environment}, author={Wright, Nicholas and Duncan, John M.A and Nik, Callow J and Thompson, Sally E and George, Richard J}, year={2025}, pages={114694} }

 @inbook{zhang_li_zhang_li_2023, title={Chapter 11Spacecraft}, ISBN={9780323951074}, url={https://www.sciencedirect.com/science/article/pii/B9780323951074000044}, DOI={https://doi.org/10.1016/B9780323951074.000044}, booktitle={Spatial Cognitive Engine Technology}, publisher={Academic Press}, author={Zhang, Jianjun and Li, Jing and Zhang, Jianjun and Li, Jing}, year={2023}, pages={142} }

 @inbook{kudryashev_2018, title={Resolution in Electron Tomography}, ISBN={9783319689951}, DOI={https://doi.org/10.1007/9783319689975_10}, booktitle={Resolution in Electron Tomography}, publisher={Springer International Publishing AG 2018}, author={Kudryashev, Misha}, year={2018}, month={Jan}, pages={261–282} }

 @inproceedings{vapnik_vladimir_n_1997, address={Berlin, Heidelberg}, title={The Support Vector method}, ISBN={9783540696209}, booktitle={Artificial Neural Networks — ICANN’97}, publisher={Springer Berlin Heidelberg}, author={Vapnik, Vladimir N}, editor={Gerstner, Wulfram and Germond, Alain and Hasler, Martin and Nicoud, JeanDaniel}, year={1997}, pages={261–271} }

 @article{maity_2016, title={Supervised Classification of RADARSAT2 Polarimetric Data for Different Land Features}, DOI={https://doi.org/10.5281/zenodo.832427}, journal={arXiv preprint arXiv:1608.00501}, author={Maity, Abhishek}, year={2016}, month={8} }

 @book{berwick_2003, title={An Idiot’s guide to Support vector machines (SVMs) R. Berwick, Village Idiot SVMs: A New Generation of Learning Algorithms}, url={https://web.mit.edu/6.034/wwwbob/svm-notes-long-08.pdf}, author={Berwick, Robert}, year={2003}, publisher={MIT} }

 @misc{arcmap_2021, title={How Maximum Likelihood Classification works—ArcMap | Documentation}, url={https://desktop.arcgis.com/en/arcmap/latest/tools/spatial-analyst-toolbox/how-maximum-likelihood-classification-works.htm}, journal={desktop.arcgis.com}, author={ArcMap}, year={2021} }

 @misc{dpird-dma_2024, title={GitHub - DPIRD-DMA/OmniWaterMask}, url={https://github.com/DPIRD-DMA/OmniWaterMask?tab=readme-ov-file}, journal={GitHub}, author={DPIRD-DMA}, year={2024} }

 @inbook{ktena_sotiras_ferrante_schirmer_arichi_chung_2023, title={Chapter 12 Machine learning in connectomics: from representation learning to model fitting}, ISBN={9780323852807}, url={https://www.sciencedirect.com/science/article/pii/B9780323852807000051}, DOI={https://doi.org/10.1016/B9780323852807.000051}, booktitle={Connectome Analysis}, publisher={Academic Press}, author={Ktena, Sofia Ira and Sotiras, Aristeidis and Ferrante, Enzo and Schirmer, Markus D and Arichi, Tomoki and Chung, Ai Wern}, year={2023}, pages={267–287} }

 @misc{nsoft_vision_2023, title={AI Video Analytics Explained: Core Technologies \& Workflow}, url={https://www.nsoft.vision/demystifying-ai-video-analytics-how-it-works-and-its-core-technologies}, journal={NSoft Vision}, author={NSoft Vision}, year={2023} }

 @misc{wright_2025, title={About}, url={https://dpird-dma.github.io/blog/about/}, journal={The DPIRD DMA Blog}, author={Wright, Nick}, year={2025} }

 @misc{scikit-learn_2018, title={sklearn.ensemble.RandomForestClassifier — scikit-learn 0.20.3 documentation}, url={https://scikit-learn.org/stable/modules/generated/sklearn.ensemble.RandomForestClassifier.html}, journal={Scikit-learn.org}, author={Scikit-Learn}, year={2018} }

 @book{gatti_bertolini_carriero_2015, title={Sentinel-2 Products Specification Document Sentinel-2 Products Specification Document Written by Company Responsibility Date Signature Approval evidence is kept within the documentation management system. Documentation Information Submitted to ESA for Filename: Information Review Approval}, url={https://sentinel.esa.int/documents/247904/349490/S2_MSI_Product_Specification.pdf}, author={Gatti, A and Bertolini, A and Carriero, Francesco}, year={2015}, publisher={ESA} }

 @misc{usgs_2024, title={Landsat 7 | U.S. Geological Survey}, url={https://www.usgs.gov/landsat-missions/landsat-7}, journal={www.usgs.gov}, author={USGS}, year={2024} }

 @misc{usgs_2023, title={Landsat 8 | U.S. geological survey}, url={https://www.usgs.gov/landsat-missions/landsat-8}, journal={www.usgs.gov}, author={USGS}, year={2023} }

 @misc{usgs_2022, title={Landsat 9 | U.S. Geological Survey}, url={https://www.usgs.gov/landsat-missions/landsat-9}, journal={www.usgs.gov}, author={USGS}, year={2022}, month={2} }

 @misc{esa_2024, title={About the launch}, url={https://www.esa.int/Applications/Observing_the_Earth/Copernicus/Sentinel-2/About_the_launch}, journal={www.esa.int}, author={ESA}, year={2024} }

 @article{qiu_zhu_he_2019, title={Fmask 4.0: Improved cloud and cloud shadow detection in Landsats 4–8 and Sentinel2 imagery}, volume={231}, ISBN={00344257}, url={https://www.sciencedirect.com/science/article/pii/S0034425719302172}, DOI={https://doi.org/10.1016/j.rse.2019.05.024}, journal={Remote Sensing of Environment}, author={Qiu, Shi and Zhu, Zhe and He, Binbin}, year={2019}, pages={111205} }

 @article{frantz_haß_uhl_stoffels_hill_2018, title={Improvement of the Fmask algorithm for Sentinel2 images: Separating clouds from bright surfaces based on parallax effects}, volume={215}, ISBN={00344257}, url={https://www.sciencedirect.com/science/article/pii/S0034425718302037}, DOI={https://doi.org/10.1016/j.rse.2018.04.046}, journal={Remote Sensing of Environment}, author={Frantz, David and Haß, Erik and Uhl, Andreas and Stoffels, Johannes and Hill, Joachim}, year={2018}, pages={471–481} }

 @article{tarrio_tang_masek_claverie_ju_qiu_zhu_woodcock_2020, title={Comparison of cloud detection algorithms for Sentinel-2 imagery}, volume={2}, DOI={https://doi.org/10.1016/j.srs.2020.100010}, journal={Science of Remote Sensing}, author={Tarrio, Katelyn and Tang, Xiaojing and Masek, Jeffrey G. and Claverie, Martin and Ju, Junchang and Qiu, Shi and Zhu, Zhe and Woodcock, Curtis E.}, year={2020}, month={12}, pages={100010} }

 @article{zhu_helmer_2018, title={An automatic method for screening clouds and cloud shadows in optical satellite image time series in cloudy regions}, volume={214}, DOI={https://doi.org/10.1016/j.rse.2018.05.024}, journal={Remote Sensing of Environment}, author={Zhu, Xiaolin and Helmer, Eileen H}, year={2018}, month={9}, pages={135–153} }

 @misc{verma_2022, title={Random Forest Algorithm Explained in Less Than 5 Minutes}, url={https://medium.com/@techynilesh/random-forest-algorithm-explained-in-less-than-5-minutes-a433dc295f94}, journal={Medium}, author={Verma, Nilesh}, year={2022}, month={8} }

 @misc{holdsworth_scapicchio_2024, title={Deep learning}, url={https://www.ibm.com/think/topics/deep-learning}, journal={IBM}, author={Holdsworth, Jim and Scapicchio, Mark}, year={2024}, month={6} }

 @misc{goodfellow_bengio_courville_2016, title={Deep Learning}, url={https://www.deeplearningbook.org/}, journal={Deeplearningbook.org}, publisher={MIT Press}, author={Goodfellow, Ian and Bengio, Yoshua and Courville, Aaron}, year={2016} }

 @misc{ibm_2021b, title={Unsupervised Learning}, url={https://www.ibm.com/think/topics/unsupervised-learning}, journal={Ibm.com}, author={IBM}, year={2021}, month={9} }

 @article{oróstica_mardones_bernal_molina_orchard_verdugo_carvajalhausdorf_marcelain_contreras_armisen_2025, title={Advances in machine learning for tumour classification in cancer of unknown primary: A minireview}, volume={611}, ISBN={03043835}, url={https://www.sciencedirect.com/science/article/pii/S0304383524007432}, DOI={https://doi.org/10.1016/j.canlet.2024.217348}, journal={Cancer Letters}, author={Oróstica, Karen and Mardones, Felipe and Bernal, Yanara A and Molina, Samuel and Orchard, Marcos and Verdugo, Ricardo A and CarvajalHausdorf, Daniel and Marcelain, Katherine and Contreras, Seba and Armisen, Ricardo}, year={2025}, pages={217348} }

 @misc{barla_2021, title={Self-Driving Cars with Convolutional Neural Networks (CNN)}, url={https://neptune.ai/blog/self-driving-cars-with-convolutional-neural-networks-cnn}, journal={neptune.ai}, author={Barla, Nilesh}, year={2021}, month={8} }

 @article{liu_wu_wu_zhou_2024, title={Application of gradient boosting machine in satellitederived bathymetry using Sentinel2 data for accurate water depth estimation in coastal environments}, volume={201}, ISBN={13851101}, url={https://www.sciencedirect.com/science/article/pii/S1385110124000716}, DOI={https://doi.org/10.1016/j.seares.2024.102538}, journal={Journal of Sea Research}, author={Liu, Yue and Wu, Shulei and Wu, Zhongqiang and Zhou, Shuangshuang}, year={2024}, pages={102538} }

 @article{rahat_steissberg_etal_2023, title={Remote sensingenabled machine learning for river water quality modeling under multidimensional uncertainty}, volume={898}, DOI={https://doi.org/10.1016/j.scitotenv.2023.165504}, journal={The Science of the total environment}, author={Rahat, Saiful and Steissberg, Todd and Chang, Won and Chen, Xi and Mandavya, Garima and Tracy, Jacob and Wasti, Asphota and Atreya, Gaurav and Saki, Shah and Bhuiyan and Ray, Patrick}, year={2023}, month={7}, pages={165504} }

 @misc{keras-team_2015, title={keras/keras/src/models/sequential.py at v3.3.3 · keras-team/keras}, url={https://github.com/keras-team/keras/blob/v3.3.3/keras/src/models/sequential.py#L17-L349}, journal={GitHub}, author={keras-team}, year={2015} }

 @misc{pytorch_2023, title={PyTorch}, url={https://pytorch.org/}, journal={Pytorch.org}, author={PyTorch}, year={2023} }

 @misc{tensorflow_2018, title={docs/site/en/tutorials/images/classification.ipynb at master · tensorflow/docs}, url={https://github.com/tensorflow/docs/blob/master/site/en/tutorials/images/classification.ipynb}, journal={GitHub}, author={tensorflow}, year={2018} }

 @misc{emily_2023, title={The importance of water in agriculture}, url={https://www.openaccessgovernment.org/importance-of-water-in-agriculture-world-farming/154938/}, journal={Open Access Government}, author={Emily}, year={2023}, month={3} }

 @article{object_object_2020, title={The impact of rainfall variability on agricultural production and household welfare in rural Malawi}, url={https://core.ac.uk/reader/10201190}, DOI={oai:www.ideals.illinois.edu:2142/34487}, journal={Core.ac.uk}, author={object Object}, year={2020} }

 @article{food_diversity, title={Dietary Diversity and Its Association with Diet Quality and Health Status of European Children, Adolescents, and Adults: Results from the I.Family Study}, volume={12}, DOI={https://doi.org/10.3390/foods12244458}, number={24}, journal={Foods}, publisher={Multidisciplinary Digital Publishing Institute}, author={Marika Dello Russo and Formisano, Annarita and Lauria, Fabio and Ahrens, Wolfgang and Bogl, Leonie H and Eiben, Gabriele and Stefaan De Henauw and Antje Hebestreit and Intemann, Timm and Hunsberger, Monica and Lissner, Lauren and Denes Molnár and Pala, Valeria and Stalo Papoutsou and Santaliestra-Pasias, Alba M and Toomas Veidebaum and Wolters, Maike and Siani, Alfonso and Russo, Paola}, year={2023}, month={Dec}, pages={4458–4458} }

 @article{guido_zimmer_lopus_hannah_gower_waldman_krell_sheffield_caylor_evans_2020, title={Farmer forecasts: Impacts of seasonal rainfall expectations on agricultural decision-making in Sub-Saharan Africa}, volume={30}, DOI={https://doi.org/10.1016/j.crm.2020.100247}, journal={Climate Risk Management}, author={Guido, Zack and Zimmer, Andrew and Lopus, Sara and Hannah, Corrie and Gower, Drew and Waldman, Kurt and Krell, Natasha and Sheffield, Justin and Caylor, Kelly and Evans, Tom}, year={2020}, pages={100247} }

 @misc{united_states_environmental_protection_agency_2025, title={Climate Change Impacts on Agriculture and Food Supply}, url={https://www.epa.gov/climateimpacts/climate-change-impacts-agriculture-and-food-supply}, journal={www.epa.gov}, author={United states Environmental Protection Agency}, year={2025}, month={2} }

 @misc{ruralpaymentsagency_2023, title={Water Management grant round 2: guidance for invited applicants}, url={https://www.gov.uk/government/publications/water-management-grant-round-2}, journal={GOV.UK}, author={Rural Payments Agency}, year={2023}, month={4} }

 @book{andcornwall_2024, title={Classification: BUSINESS Evidence for increased Water Efficiency}, url={https://www.southwestwater.co.uk/siteassets/documents/environment/water-resources/evidence-for-increased-water-efficiency.pdf}, author={And Cornwall, Devon}, year={2024}, publisher={Environment Agency} }

 @misc{for_2024, title={Government launches fund to help farmers manage water resources}, url={https://www.gov.uk/government/news/government-launches-fund-to-help-farmers-manage-water-resources}, journal={GOV.UK}, author={for, Department}, year={2024}, month={4} }

 @misc{usgs_2022a, title={What Is Remote Sensing and What Is It Used for?}, url={https://www.usgs.gov/faqs/what-remote-sensing-and-what-it-used}, journal={www.usgs.gov}, publisher={USGS}, author={USGS}, year={2022} }

 @book{comptrollerandauditorgeneral_2022, title={Environmental compliance and enforcement Department for Environment, Food \& Rural Affairs}, url={https://www.nao.org.uk/wp-content/uploads/2022/05/Environmental-compliance-and-enforcement.pdf}, institution={House of Commons}, author={Comptroller and Auditor General}, year={2022}, publisher={House of Commons} }

 @misc{matthew_de-machen_mjr.global_2024, title={10 Driest Places in the UK | Matthew James Removals \& Storage SL}, url={https://www.matthewjamesremovalsspain.com/10-driest-places-in-the-uk/}, journal={Matthew James Removals \& Storage SL}, author={Matthew De Machen}, year={2024}, month={3} }

 @book{ukia_2024, title={Irrigation water strategy for UK agriculture and horticulture INCREASING THE SECTOR’S RESILIENCE TO DROUGHT AND WATER SCARCITY RISKS INCREASING THE SECTOR’S RESILIENCE TO DROUGHT AND WATER SCARCITY RISKS}, url={https://www.ukia.org/docs/booklets/irrigation-strategy-2020.pdf}, author={J.W., Knox and M.G., Kay and I.P., Holman and T.M., Hess}, year={2020}, publisher={UKIA} }

 @misc{johns_2023, title={Launch of new water resources plan for Eastern England aims to alleviate pressures on the environment and constraints on growth - Water Resources East}, url={https://wre.org.uk/launch-of-new-water-resources-plan-for-eastern-england-aims-to-alleviate-pressures-on-the-environment-and-constraints-on-growth/}, journal={Water Resources East}, author={Johns, Daniel}, year={2023}, month={12} }

 @misc{horton_2024, title={UK at risk of summer water shortages and hosepipe bans, scientists warn}, url={https://www.theguardian.com/environment/2024/apr/01/uk-risk-summer-water-shortages-hosepipe-bans-scientists-warn?}, journal={the Guardian}, publisher={The Guardian}, author={Horton, Helena}, year={2024}, month={4} }

 @article{henriques_holman_audsley_pearn_2008, title={An interactive multiscale integrated assessment of future regional water availability for agricultural irrigation in East Anglia and North West England}, volume={90}, DOI={https://doi.org/10.1007/s1058400894590}, journal={Climatic Change}, author={Henriques, Catarina and Holman, Ian and Audsley, Eric and Pearn, K}, year={2008}, month={9}, pages={89–111} }

 @misc{uk_ceh_2025, title={Projections highlight potential future water scarcity challenges across England | UK Centre for Ecology \& Hydrology}, url={https://www.ceh.ac.uk/news-and-media/news/projections-highlight-potential-future-water-scarcity-challenges-across-england?}, journal={Ceh.ac.uk}, author={UK CEH}, year={2025} }

 @misc{lenovo_2021, title={HD vs. Full HD: What is the Difference? | Lenovo UK}, url={https://www.lenovo.com/gb/en/faqs/pc-life-faqs/hd-vs-full-hd/}, journal={Lenovo.com}, author={Lenovo}, year={2021} }

 @article{do_lenca_lallich_pham_2009, title={Classifying VeryHighDimensional Data with Random Forests of Oblique Decision Trees}, ISBN={9783642005794}, DOI={https://doi.org/10.1007/9783642005800_3}, journal={Advances in knowledge discovery and management}, author={Do, ThanhNghi and Lenca, Philippe and Lallich, Stéphane and Pham, NguyenKhang}, year={2009}, month={1} }

 @misc{ali_2020, title={PyCaret — pycaret 3.0.4 documentation}, url={https://pycaret.readthedocs.io/en/latest/}, journal={Readthedocs.io}, author={Ali, Moez}, year={2020} }

 @misc{copernicus_2025, title={S2 Products}, url={https://sentiwiki.copernicus.eu/web/s2-products}, journal={sentiwiki.copernicus.eu}, author={Copernicus}, year={2025} }